<?xml version="1.0"?>
<marc:records xmlns:marc="http://www.loc.gov/MARC21/slim" xmlns:xsi="http://www.w3.org/2001/XMLSchema-instance" xsi:schemaLocation="http://www.loc.gov/MARC21/slim http://www.loc.gov/standards/marcxml/schema/MARC21slim.xsd">
  <marc:record>
    <marc:leader>07650ctm a2200553Ia 4500</marc:leader>
    <marc:controlfield tag="001">9977505021403681</marc:controlfield>
    <marc:controlfield tag="005">20190424150208.0</marc:controlfield>
    <marc:controlfield tag="008">190403q16801720fr            000 0 heb d</marc:controlfield>
    <marc:datafield ind1=" " ind2=" " tag="035">
  <marc:subfield code="a">(OCoLC)1091359773</marc:subfield>
</marc:datafield>
    <marc:datafield ind1=" " ind2=" " tag="035">
  <marc:subfield code="a">(OCoLC)on1091359773</marc:subfield>
</marc:datafield>
    <marc:datafield ind1=" " ind2=" " tag="040">
  <marc:subfield code="a">PAU</marc:subfield>
  <marc:subfield code="b">eng</marc:subfield>
  <marc:subfield code="c">PAU</marc:subfield>
  <marc:subfield code="e">amremm</marc:subfield>
  <marc:subfield code="d">PAU</marc:subfield>
</marc:datafield>
    <marc:datafield ind1="0" ind2=" " tag="130">
  <marc:subfield code="6">880-01</marc:subfield>
  <marc:subfield code="a">Selih&#x323;ot.</marc:subfield>
</marc:datafield>
    <marc:datafield ind1="1" ind2="0" tag="245">
  <marc:subfield code="6">880-02</marc:subfield>
  <marc:subfield code="a">[Selih&#x323;ot]</marc:subfield>
</marc:datafield>
    <marc:datafield ind1=" " ind2=" " tag="260">
  <marc:subfield code="6">880-03</marc:subfield>
  <marc:subfield code="a">[Provence],</marc:subfield>
  <marc:subfield code="c">[1680?-1720?]</marc:subfield>
</marc:datafield>
    <marc:datafield ind1=" " ind2=" " tag="300">
  <marc:subfield code="a">102 leaves :</marc:subfield>
  <marc:subfield code="b">paper ;</marc:subfield>
  <marc:subfield code="c">220 x 160 (165 x 105) mm.</marc:subfield>
</marc:datafield>
    <marc:datafield ind1=" " ind2=" " tag="500">
  <marc:subfield code="a">Ms. codex.</marc:subfield>
</marc:datafield>
    <marc:datafield ind1=" " ind2=" " tag="500">
  <marc:subfield code="a">Title supplied by cataloger.</marc:subfield>
</marc:datafield>
    <marc:datafield ind1=" " ind2=" " tag="500">
  <marc:subfield code="a">Collation: Paper, 102; 1-2&#xB9;&#x2076; 3&#xB9;&#x2076; (-16) 4-5&#xB9;&#x2076; 6&#xB9;&#xB2; 7&#xB9;&#xB2; (-12) ; modern foliation in pencil, center left recto, 1-102.</marc:subfield>
</marc:datafield>
    <marc:datafield ind1=" " ind2=" " tag="500">
  <marc:subfield code="a">Layout: 26 long lines ruled in hardpoint, with most lines faint to invisible; for poetic works, two columns are used with each stanza centered with each refrain written in the center of the column. Quarto format.</marc:subfield>
</marc:datafield>
    <marc:datafield ind1=" " ind2=" " tag="500">
  <marc:subfield code="a">Script:  Written in a Provenc&#x327;al semi-cursive script with vowels; headings written in a large bold Ashkenazic cursive likely in the hand of &#x2BB;Imanu&#x2BC;el ben Gad de Milhaud. This scribe was prolific in creation of manuscripts for prayers in the customs of French communities, and he was active in the late 17th and early 18th centuries; his style is distinctive by elements such as layout, title and stanza support, and script.</marc:subfield>
</marc:datafield>
    <marc:datafield ind1=" " ind2=" " tag="500">
  <marc:subfield code="a">Condition: Disbound; heavy wear and staining. Foxing on most leaves, with evidence of ink stains on the first folios. Heavily water damaged and faded.</marc:subfield>
</marc:datafield>
    <marc:datafield ind1=" " ind2=" " tag="500">
  <marc:subfield code="a">Origin:  Written in Provence likely by &#x2BB;Imanu&#x2BC;el ben Gad de Milhaud, who was documenting prayer and ritual practice for the communities in the Comtat Venaissin, most often for the "four communities" (&#x2BC;Arba&#x2BB;a k&#x323;ehilot), Carpentras, Avignon, L'Isle-sur-la-Sorgue, and Cavaillon.</marc:subfield>
</marc:datafield>
    <marc:datafield ind1="0" ind2=" " tag="505">
  <marc:subfield code="6">880-04</marc:subfield>
  <marc:subfield code="a">1. f. 1r-14r: [Ashmurah yom rishon] -- 2. f. 14r-20r: Ashmurah lel motsa&#x2BC;e shabat -- 3. f. 20r-26v: Ashmurah yom sheni -- 4. f. 27r-31v: Ashmurah yom shelishi -- 5. f. 31v-38r: Ashmurah yom revi&#x2BB;i -- 6. f. 38v-41v: Ashmurah yom h&#x323;amishi -- 7. f. 42r-48r: Ashmurah yom shishi -- 8. f. 48v-58r: Ashmurah tsom Gedaliah --  9. f. 59r-66v: Le-Ashmurah sheniyah shel &#x2BB;as&#x301;eret yeme teshuvah -- 10. f. 66v-72r:  Le-Ashmurah shelishit shel &#x2BB;as&#x301;eret yeme teshuvah -- 11. f. 72r-80r: Le-Ashmurah revi&#x2BB;it shel &#x2BB;as&#x301;eret yeme teshuvah -- 12. f. 80r-101v: Le-Ashmurah h&#x323;amishit shel &#x2BB;as&#x301;eret yeme teshuvah.</marc:subfield>
</marc:datafield>
    <marc:datafield ind1=" " ind2=" " tag="506">
  <marc:subfield code="a">Access to this item is subject to staff review.</marc:subfield>
</marc:datafield>
    <marc:datafield ind1=" " ind2=" " tag="524">
  <marc:subfield code="a">UPenn CAJS Rar Ms 486</marc:subfield>
</marc:datafield>
    <marc:datafield ind1=" " ind2=" " tag="546">
  <marc:subfield code="a">Hebrew.</marc:subfield>
</marc:datafield>
    <marc:datafield ind1="1" ind2=" " tag="561">
  <marc:subfield code="a">Presented to The Penn Libraries in 2018 by Joseph and Susan Moldovan (C'76).</marc:subfield>
</marc:datafield>
    <marc:datafield ind1=" " ind2="0" tag="650">
  <marc:subfield code="a">Jews</marc:subfield>
  <marc:subfield code="z">France</marc:subfield>
  <marc:subfield code="z">Comtat Venaissin</marc:subfield>
  <marc:subfield code="y">17th century.</marc:subfield>
</marc:datafield>
    <marc:datafield ind1=" " ind2="7" tag="655">
  <marc:subfield code="a">Codices (bound manuscripts)</marc:subfield>
  <marc:subfield code="2">aat</marc:subfield>
</marc:datafield>
    <marc:datafield ind1=" " ind2="7" tag="655">
  <marc:subfield code="a">Prayer books.</marc:subfield>
  <marc:subfield code="2">aat</marc:subfield>
</marc:datafield>
    <marc:datafield ind1=" " ind2="7" tag="655">
  <marc:subfield code="a">Fragments (object portions)</marc:subfield>
  <marc:subfield code="2">aat</marc:subfield>
</marc:datafield>
    <marc:datafield ind1=" " ind2="0" tag="655">
  <marc:subfield code="a">Manuscripts, Hebrew</marc:subfield>
  <marc:subfield code="y">17th century.</marc:subfield>
</marc:datafield>
    <marc:datafield ind1=" " ind2="0" tag="655">
  <marc:subfield code="a">Manuscripts, Hebrew</marc:subfield>
  <marc:subfield code="y">18th century.</marc:subfield>
</marc:datafield>
    <marc:datafield ind1=" " ind2="0" tag="655">
  <marc:subfield code="a">Manuscripts, European.</marc:subfield>
</marc:datafield>
    <marc:datafield ind1="1" ind2=" " tag="700">
  <marc:subfield code="6">880-05</marc:subfield>
  <marc:subfield code="a">Milhaud, &#x2BB;Imanu&#x2BC;el ben Gad de,</marc:subfield>
  <marc:subfield code="e">scribe.</marc:subfield>
</marc:datafield>
    <marc:datafield ind1="1" ind2=" " tag="700">
  <marc:subfield code="a">Moldovan, Joseph,</marc:subfield>
  <marc:subfield code="e">donor.</marc:subfield>
</marc:datafield>
    <marc:datafield ind1="1" ind2=" " tag="700">
  <marc:subfield code="a">Moldovan, Susan,</marc:subfield>
  <marc:subfield code="e">donor.</marc:subfield>
</marc:datafield>
    <marc:datafield ind1="2" ind2=" " tag="710">
  <marc:subfield code="a">Moldovan Family Judaica Collection (University of Pennsylvania)</marc:subfield>
  <marc:subfield code="5">PU</marc:subfield>
</marc:datafield>
    <marc:datafield ind1="0" ind2="0" tag="773">
  <marc:subfield code="t">Moldovan Family Judaica Collection (University of Pennsylvania)</marc:subfield>
</marc:datafield>
    <marc:datafield ind1=" " ind2=" " tag="852">
  <marc:subfield code="b">Library at the Herbert D. Katz Center for Advanced Judaic Studies</marc:subfield>
  <marc:subfield code="a">University of Pennsylvania</marc:subfield>
  <marc:subfield code="e">420 Walnut Street, Philadelphia, Pennsylvania 19106-3703.</marc:subfield>
  <marc:subfield code="j">CAJS Rar Ms 486</marc:subfield>
</marc:datafield>
    <marc:datafield ind1="0" ind2=" " tag="880">
  <marc:subfield code="6">130-01//r</marc:subfield>
  <marc:subfield code="a">&#x5E1;&#x5DC;&#x5D9;&#x5D7;&#x5D5;&#x5EA;.</marc:subfield>
</marc:datafield>
    <marc:datafield ind1="1" ind2="0" tag="880">
  <marc:subfield code="6">245-02//r</marc:subfield>
  <marc:subfield code="a">[&#x5E1;&#x5DC;&#x5D9;&#x5D7;&#x5D5;&#x5EA;]</marc:subfield>
</marc:datafield>
    <marc:datafield ind1=" " ind2=" " tag="880">
  <marc:subfield code="6">260-03//r</marc:subfield>
  <marc:subfield code="a">[&#x5E4;&#x5E8;&#x5D5;&#x5D1;&#x5E0;&#x5E1;],</marc:subfield>
  <marc:subfield code="c">[1680?-1720?]</marc:subfield>
</marc:datafield>
    <marc:datafield ind1="0" ind2=" " tag="880">
  <marc:subfield code="6">505-04//r</marc:subfield>
  <marc:subfield code="a">1. f. 1r-14r: [&#x5D0;&#x5E9;&#x5DE;&#x5D5;&#x5E8;&#x5D4; &#x5D9;&#x5D5;&#x5DD; &#x5E8;&#x5D0;&#x5E9;&#x5D5;&#x5DF;] -- 2 f. 14r-20r: &#x5D0;&#x5E9;&#x5DE;&#x5D5;&#x5E8;&#x5D4; &#x5DC;&#x5D9;&#x5DC; &#x5DE;&#x5D5;&#x5E6;&#x5D0;&#x5D9; &#x5E9;&#x5D1;&#x5EA; -- 3 f. 20r-26v: &#x5D0;&#x5E9;&#x5DE;&#x5D5;&#x5E8;&#x5D4; &#x5D9;&#x5D5;&#x5DD; &#x5E9;&#x5E0;&#x5D9; -- 4. f. 27r-31v: &#x5D0;&#x5E9;&#x5DE;&#x5D5;&#x5E8;&#x5D4; &#x5D9;&#x5D5;&#x5DD; &#x5E9;&#x5DC;&#x5D9;&#x5E9;&#x5D9; -- 5. f. 31v-38r: &#x5D0;&#x5E9;&#x5DE;&#x5D5;&#x5E8;&#x5D4; &#x5D9;&#x5D5;&#x5DD; &#x5E8;&#x5D1;&#x5D9;&#x5E2;&#x5D9; -- 6. f. 38v-41v: &#x5D0;&#x5E9;&#x5DE;&#x5D5;&#x5E8;&#x5D4; &#x5D9;&#x5D5;&#x5DD; &#x5D7;&#x5DE;&#x5D9;&#x5E9;&#x5D9; -- 7. f. 42r-48r: &#x5D0;&#x5E9;&#x5DE;&#x5D5;&#x5E8;&#x5D4; &#x5D9;&#x5D5;&#x5DD; &#x5E9;&#x5D9;&#x5E9;&#x5D9; -- 8 f. 48v-58r: &#x5D0;&#x5E9;&#x5DE;&#x5D5;&#x5E8;&#x5D4; &#x5E6;&#x5D5;&#x5DD; &#x5D2;&#x5D3;&#x5DC;&#x5D9;&#x5D4; --  9 f. 59r-66v: &#x5DC;&#x5D0;&#x5E9;&#x5DE;&#x5D5;&#x5E8;&#x5D4; &#x5E9;&#x5E0;&#x5D9;&#x5D4; &#x5E9;&#x5DC; &#x5E2;&#x5E9;&#x5E8;&#x5EA; &#x5D9;&#x5DE;&#x5D9; &#x5EA;&#x5E9;&#x5D5;&#x5D1;&#x5D4; -- 10 f. 66v-72r:  &#x5DC;&#x5D0;&#x5E9;&#x5DE;&#x5D5;&#x5E8;&#x5D4; &#x5E9;&#x5DC;&#x5D9;&#x5E9;&#x5D9;&#x5EA; &#x5E9;&#x5DC; &#x5E2;&#x5E9;&#x5E8;&#x5EA; &#x5D9;&#x5DE;&#x5D9; &#x5EA;&#x5E9;&#x5D5;&#x5D1;&#x5D4; -- 11 f. 72r-80r: &#x5DC;&#x5D0;&#x5E9;&#x5DE;&#x5D5;&#x5E8;&#x5D4; &#x5E8;&#x5D1;&#x5D9;&#x5E2;&#x5D9;&#x5EA; &#x5E9;&#x5DC; &#x5E2;&#x5E9;&#x5E8;&#x5EA; &#x5D9;&#x5DE;&#x5D9; &#x5EA;&#x5E9;&#x5D5;&#x5D1;&#x5D4; -- 12 f. 80r-101v: &#x5DC;&#x5D0;&#x5E9;&#x5DE;&#x5D5;&#x5E8;&#x5D4; &#x5D7;&#x5DE;&#x5D9;&#x5E9;&#x5D9;&#x5EA; &#x5E9;&#x5DC; &#x5E2;&#x5E9;&#x5E8;&#x5EA; &#x5D9;&#x5DE;&#x5D9; &#x5EA;&#x5E9;&#x5D5;&#x5D1;&#x5D4;.</marc:subfield>
</marc:datafield>
    <marc:datafield ind1="1" ind2=" " tag="880">
  <marc:subfield code="6">700-05//r</marc:subfield>
  <marc:subfield code="a">&#x5D3;&#x5DE;&#x5D9;&#x5DC;&#x5D9;&#x5D9;&#x5D0;&#x5D1;, &#x5E2;&#x5DE;&#x5E0;&#x5D5;&#x5D0;&#x5DC; &#x5D1;&#x5DF; &#x5D2;&#x5D3;,</marc:subfield>
  <marc:subfield code="e">&#x5E1;&#x5D5;&#x5E4;&#x5E8;.</marc:subfield>
</marc:datafield>
    <marc:datafield ind1=" " ind2=" " tag="880">
  <marc:subfield code="6">500-00//r</marc:subfield>
  <marc:subfield code="a">Decoration: Minimal script decoration; instead of &#x5D0;-&#x5DC;, there is one &#x5DC; with multiple points protruding (f. 11v); a fern (f. 25r); decorative elements in margin (f. 98r).</marc:subfield>
</marc:datafield>
    <marc:datafield ind1=" " ind2=" " tag="880">
  <marc:subfield code="6">520-00//r</marc:subfield>
  <marc:subfield code="a">This is a manuscript of Selih&#x323;ot likely written in late 17th-century Provence for a specific minhag, or rite, of the Selih&#x323;ot for a Provenc&#x327;al locality; being a fragment, it is not possible to ascertain the exact rite being inscribed. The headings, poem titles, and other visual elements match closely with other manuscripts signed by &#x2BB;Imanu&#x2BC;el ben Gad de Milhaud, a scribe active in Provence during the late 17th and early 18th centuries. The beginning and the end of the manuscript are both missing; the selection of Selih&#x323;ot were the complete set for the High Holidays; originally beginning with the first prayers a week before Rosh ha-Shanah (traditionally recited in the early hours, hence the name Ashmurah), and likely finishing with the Selih&#x323;ot for the eve of Yom Kippur. The titles to the piyutim follow other Provenc&#x327;al Mah&#x323;zorim and Selih&#x323;ot; Selih&#x323;ah, Tokhah&#x323;ah, Rehut&#x323;ah, Bak&#x323;ashah, and Mustag'ib (&#x5DE;&#x5E1;&#x5EA;&#x5D2;&#x5D0;&#x5D9;&#x5D1;). Item likely was a larger quarto size originally, with a sheepskin leather binding; spine has totally disintegrated with only the two bands across the backs of the gatherings surviving.</marc:subfield>
</marc:datafield>
    <marc:datafield ind1=" " ind2=" " tag="948">
  <marc:subfield code="h">HELD BY PAU - 0 OTHER HOLDINGS</marc:subfield>
</marc:datafield>
    <marc:datafield ind1=" " ind2=" " tag="994">
  <marc:subfield code="a">Z0</marc:subfield>
  <marc:subfield code="b">PAU</marc:subfield>
</marc:datafield>
    <marc:datafield ind1=" " ind2=" " tag="996">
  <marc:subfield code="a">hinge-right</marc:subfield>
</marc:datafield>
    <marc:holdings>
      <marc:holding>
        <marc:holding_id>22584249250003681</marc:holding_id>
        <marc:call_number>CAJS Rar Ms 486</marc:call_number>
        <marc:library>KatzLib</marc:library>
        <marc:location>cjsrarms</marc:location>
      </marc:holding>
    </marc:holdings>
  </marc:record>
</marc:records>
